%% This BibTeX bibliography file was created using BibDesk.
%% http://bibdesk.sourceforge.net/


%% Created for Anne Auger at 2009-01-02 18:56:38 +0100


%% Saved with string encoding Western (ASCII)


@inproceedings{Auger:2005,
	Author = {A. Auger and N. Hansen},
	Booktitle = {Proceedings of the {IEEE} Congress on
                     Evolutionary Computation ({CEC}  2005)},
	Date-Added = {2009-01-02 18:46:47 +0100},
	Date-Modified = {2009-01-02 18:51:50 +0100},
	Keywords = {Auger Hansen CEC 2005},
	Title = {Performance Evaluation of an Advanced Local
                 Search Evolutionary Algorithm},
        pages = {1777--1784},
	Year = {2005}}

@inproceedings{Auger:2005b,
  title={A Restart {CMA} Evolution Strategy With Increasing Population Size},
  author={Auger, A and Hansen, N},
  booktitle={Proceedings of the {IEEE} Congress on Evolutionary Computation ({CEC} 2005)},
  year={2005},
  publisher = {IEEE Press},
  pages = {1769--1776}
}
@conference{harik1999parameter,
  title={{A parameter-less genetic algorithm}},
  author={Harik, G.R. and Lobo, F.G.},
  booktitle={Proceedings of the Genetic and Evolutionary Computation Conference (GECCO)},
  volume={1},
  pages={258--265},
  year={1999},
  publisher={ACM}
}
@book{efron1993ib,
  title={{An introduction to the bootstrap}},
  author={Efron, B. and Tibshirani, R.},
  year={1993},
  publisher={Chapman \& Hall/CRC}
}

@conference{hoos1998eva,
  title={Evaluating {L}as {V}egas Algorithms---Pitfalls and Remedies},
  author={Hoos, H.H. and St\"utzle, T.},
  booktitle={Proceedings of the Fourteenth Conference on Uncertainty in Artificial Intelligence (UAI-98)},
  pages={238--245},
  year={1998}
}

@inproceedings{price1997dev,
   author = {Kenneth Price},
   title = {Differential evolution vs. the functions of the
            second {ICEO}},
   Booktitle = {Proceedings of the {IEEE} International Congress on
                Evolutionary Computation},
   pages = {153--157},
   year = {1997}
}

@inproceedings{Lunacek:2008,
 author = {Lunacek, Monte and Whitley, Darrell and Sutton, Andrew},
 title = {The Impact of Global Structure on Search},
 booktitle = {Proceedings of the 10th international conference on Parallel
Problem Solving from Nature},
 year = {2008},
 isbn = {978-3-540-87699-1},
 pages = {498--507},
 location = {Dortmund, Germany},
 doi = {http://dx.doi.org/10.1007/978-3-540-87700-4_50},
 publisher = {Springer-Verlag},
 address = {Berlin, Heidelberg},
 }

@article{nelder1965dsm,
  title={{The downhill simplex method}},
  author={Nelder, J.A. and Mead, R.},
  journal={Computer Journal},
  volume={7},
  pages={308--313},
  year={1965}
}

@article{broyden1970bfgs,
  title={The Convergence of a Class of Double-Rank Minimization Algorithms},
  author={Broyden, C. G.},
  journal={Journal of the Institute of Mathematics and Its Applications},
  volume={6},
  year={1970},
  pages={76--90}}

@article{fletcher1970bfgs,
  title={A New Approach to Variable Metric Algorithms},
  author={Fletcher, R.},
  journal={Computer journal},
  year={1970},
  volume={13},
  pages={317--322}}

@article{goldfarb1970bfgs,
  title={A Family of Variable Metric Updates Derived by Variational Means},
  author={Goldfarb, D.},
  journal={Mathematics of Computation},
  year={1970},
  volume={24},
  pages={23--26}}

@article{shanno1970bfgs,
  title={Conditioning of Quasi-Newton Methods for Function Minimization},
  author={Shanno, D. F.},
  journal={Mathematics of Computation},
  year={1970},
  volume={24},
  pages={647--656}}

@article{Powell:2006,
        Author = {M. J. D. Powell},
        Date-Added = {2008-11-26 00:45:42 +0100},
        Date-Modified = {2008-11-26 00:52:47 +0100},
        Journal = {Large Scale Nonlinear Optimization},
        Pages = {255--297},
        Title = {The {NEWUOA} software for unconstrained optimization without derivatives},
        Year = {2006}}

@techreport{More:2008,
	Author = {Jorge J. Mor\'e and Stefan M. Wild},
	Date-Added = {2009-01-02 18:39:23 +0100},
	Date-Modified = {2009-01-02 18:56:34 +0100},
	Institution = {Argonne National Laboratory},
	Keywords = {More DFO Wild},
	Local-Url = {http://www.mcs.anl.gov/~more/dfo/},
	Month = {April},
	Number = {ANL/MCS-P1471-1207},
	Title = {Benchmarking Derivative-Free Optimization Algorithms},
	Year = {2008}}

@article{More:2009,
    author      = {Jorge J. Mor\'e and Stefan M. Wild},
    title       = {Benchmarking derivative-free optimization algorithms},
    journal     = {SIAM J.~Optimization},
    volume      = {20},
    year        = {2009},
    number      = {1},
    pages       = {172--191},
    doi         = {10.1137/080724083}
}

@book{DEbook2006,
 author = {Vitaliy Feoktistov},
 title = {Differential Evolution: In Search of Solutions},
 year = {2006},
 isbn = {0387368957},
 publisher = {Springer-Verlag New York, Inc.},
 address = {Secaucus, NJ, USA},
 collection = {Optimization and Its Applications}
 }

@article{Csendes:1989,
 author = {Csendes, Tibor},
 title = {Nonlinear parameter estimation by global optimization---efficiency and reliability},
 journal = {Acta Cybern.},
 volume = {8},
 number = {4},
 year = {1989},
 issn = {0324-721X},
 pages = {361--370},
 publisher = {Acta Cybernetica},
 address = {Szeged, Hungary, Hungary},
 }

@article{DBLP:journals/ol/CsendesPSB08,
  author    = {Tibor Csendes and
               L{\'a}szl{\'o} P{\'a}l and
               Jos{\'e}-Oscar H. Send\'{\i}n and
               Julio R. Banga},
  title     = {The {GLOBAL} optimization method revisited},
  journal   = {Optimization Letters},
  volume    = {2},
  number    = {4},
  year      = {2008},
  pages     = {445--454},
  ee        = {http://dx.doi.org/10.1007/s11590-007-0072-3},
  bibsource = {DBLP, http://dblp.uni-trier.de}
}

@article{Huyer:1999,
 author = {Huyer, Waltraud and Neumaier, Arnold},
 title = {Global Optimization by Multilevel Coordinate Search},
 journal = {J. of Global Optimization},
 volume = {14},
 number = {4},
 year = {1999},
 issn = {0925-5001},
 pages = {331--355},
 doi = {http://dx.doi.org/10.1023/A:1008382309369},
 publisher = {Kluwer Academic Publishers},
 address = {Hingham, MA, USA},
 }

@article{Huyer:2008,
 author = {Huyer, Waltraud and Neumaier, Arnold},
 title = {{SNOBFIT} -- Stable Noisy Optimization by Branch and Fit},
 journal = {ACM Trans. Math. Softw.},
 volume = {35},
 number = {2},
 year = {2008},
 issn = {0098-3500},
 pages = {1--25},
 doi = {http://doi.acm.org/10.1145/1377612.1377613},
 publisher = {ACM},
 address = {New York, NY, USA},
 }

%% BBOB documentation

@techreport{finck2010sof,
    title = { Real-Parameter {B}lack-{B}ox {O}ptimization {B}enchmarking 2010 Software: User Documentation},
    author = {Finck, Steffen and Ros, Raymond},
    abstract = {This document provides the user documentation for the {B}lack-{B}ox {O}ptimization {B}enchmarking ({BBOB}) tools provided for the {GECCO} 2009 workshop of the same name.},
    keywords = {optimization, benchmarking, black-box, software},
    language = {Anglais},
    affiliation = {{FH} {V}orarlberg - {R}esearch {C}enter {P}rocess and {P}roduct {E}ngineering - {TAO} - {INRIA} {F}uturs - {INRIA} - {CNRS} : {UMR}8623 - {U}niversit{\'e} {P}aris {S}ud - {P}aris {XI} },
    institution = {INRIA},
    number = {{RT}-0372},
    year = 2010,
    URL = {http://coco.gforge.inria.fr/bbob2010-downloads},
}

@techreport{hansen2010exp,
        Author = {Hansen, N. and Auger, A. and Finck, S. and Ros, R. },
        Title = {Real-Parameter Black-Box Optimization Benchmarking 2010:
         Experimental Setup},
    Institution = {INRIA},
        Country = {France},
        Number = {RR-7215},
        Year = 2010,
        URL = {http://coco.gforge.inria.fr/bbob2010-downloads},
}

@techreport{hansen2010fun,
        Author = {Hansen, N. and Finck, S. and Ros, R. and Auger, A.},
        Title = {Real-Parameter Black-Box Optimization Benchmarking 2009:
         Noiseless Functions Definitions},
        Institution = {INRIA},
        Country = {France},
        Number = {RR-6829},
        Year = 2009,
        Note = {Updated February 2010},
        URL = {http://coco.gforge.inria.fr/bbob2010-downloads},
}

@techreport{hansen2010noi,
        Author = {Hansen, N. and Finck, S. and Ros, R. and Auger, A.},
        Title = {Real-Parameter Black-Box Optimization Benchmarking 2009:
         Noisy Functions Definitions},
        Institution = {INRIA},
        Country = {France},
        Number = {RR-6869},
        URL = {http://coco.gforge.inria.fr/bbob2010-downloads},
        Note = {Updated February 2010},
        Year = 2009
}

@techreport{wp200901_2010,
        Author = {Finck, S. and Hansen, N. and Ros, R. and Auger, A.},
        Title = {Real-Parameter Black-Box Optimization Benchmarking 2009:
         Presentation of the Noiseless Functions},
        Institution = {Research Center PPE},
        Country = {Austria},
        Number = {2009/20},
        Note = {Updated February 2010},
        Year = 2009,
        URL = {http://coco.gforge.inria.fr/bbob2010-downloads},
}

@techreport{wp200902_2010,
        Author = {Finck, S. and Hansen, N. and Ros, R. and Auger, A.},
        Title = {Real-Parameter Black-Box Optimization Benchmarking 2010:
         Presentation of the Noisy Functions},
    Institution = {Research Center PPE},
        Country = {Austria},
        Number = {2009/21 },
        URL = {http://coco.gforge.inria.fr/bbob2010-downloads},
        Year = 2010,
}

@techreport{hansen2009exp,
        Author = {Hansen, N. and Auger, A. and Finck, S. and Ros, R. },
        Title = {Real-Parameter Black-Box Optimization Benchmarking 2009:
         Experimental Setup},
    Institution = {INRIA},
        Country = {France},
        Number = {RR-6828},
        url = {http://hal.inria.fr/inria-00362649/en/},
        Year = 2009
}

@techreport{hansen2009fun,
        Author = {Hansen, N. and Finck, S. and Ros, R. and Auger, A.},
        Title = {Real-Parameter Black-Box Optimization Benchmarking 2009:
         Noiseless Functions Definitions},
        Institution = {INRIA},
        Country = {France},
        Number = {RR-6829},
        url = {http://hal.inria.fr/inria-00362633/en/},
        Year = 2009
}

@techreport{hansen2009noi,
        Author = {Hansen, N. and Finck, S. and Ros, R. and Auger, A.},
        Title = {Real-Parameter Black-Box Optimization Benchmarking 2009:
         Noisy Functions Definitions},
        Institution = {INRIA},
        Country = {France},
        Number = {RR-6869},
        url = {http://hal.inria.fr/inria-00369466/en},
        Year = 2009
}

@techreport{wp200901,
        Author = {Finck, S. and Hansen, N. and Ros, R. and Auger, A.},
        Title = {Real-Parameter Black-Box Optimization Benchmarking 2009:
         Presentation of the Noiseless Functions},
        Institution = {Research Center PPE},
        Country = {Austria},
        Number = {2009/20},
        Year = 2009
}

@techreport{wp200902,
        Author = {Finck, S. and Hansen, N. and Ros, R. and Auger, A.},
        Title = {Real-Parameter Black-Box Optimization Benchmarking 2009:
         Presentation of the Noisy Functions},
    Institution = {Research Center PPE},
        Country = {Austria},
        Number = {2009/21 },
        Year = 2009
}

%% BBOB 2009 Workshop papers

@inproceedings{DBLP:conf/gecco/Auger09,
  author    = {Anne Auger},
  title     = {Benchmarking the (1+1) evolution strategy with one-fifth
               success rule on the {BBOB}-2009 function testbed},
  booktitle = {GECCO (Companion)},
  year      = {2009},
  pages     = {2447-2452},
  ee        = {http://doi.acm.org/10.1145/1570256.1570342},
  crossref  = {DBLP:conf/gecco/2009c},
  bibsource = {DBLP, http://dblp.uni-trier.de}
}

@inproceedings{DBLP:conf/gecco/AugerH09,
  author    = {Anne Auger and
               Nikolaus Hansen},
  title     = {Benchmarking the (1+1)-{CMA-ES} on the {BBOB}-2009 function
               testbed},
  booktitle = {GECCO (Companion)},
  year      = {2009},
  pages     = {2459-2466},
  ee        = {http://doi.acm.org/10.1145/1570256.1570344},
  crossref  = {DBLP:conf/gecco/2009c},
  bibsource = {DBLP, http://dblp.uni-trier.de}
}

@inproceedings{DBLP:conf/gecco/Ros09,
  author    = {Raymond Ros},
  title     = {Benchmarking the {BFGS} algorithm on the {BBOB}-2009 function
               testbed},
  booktitle = {GECCO (Companion)},
  year      = {2009},
  pages     = {2409--2414},
  ee        = {http://doi.acm.org/10.1145/1570256.1570336},
  crossref  = {DBLP:conf/gecco/2009c},
  bibsource = {DBLP, http://dblp.uni-trier.de}
}

@inproceedings{DBLP:conf/gecco/Ros09a,
  author    = {Raymond Ros},
  title     = {Benchmarking the {BFGS} algorithm on the {BBOB}-2009 noisy testbed},
  booktitle = {GECCO (Companion)},
  year      = {2009},
  pages     = {2415--2420},
  ee        = {http://doi.acm.org/10.1145/1570256.1570337},
  crossref  = {DBLP:conf/gecco/2009c},
  bibsource = {DBLP, http://dblp.uni-trier.de}
}

@inproceedings{DBLP:conf/gecco/Ros09b,
  author    = {Raymond Ros},
  title     = {Benchmarking the {NEWUOA} on the {BBOB}-2009 function testbed},
  booktitle = {GECCO (Companion)},
  year      = {2009},
  pages     = {2421--2428},
  ee        = {http://doi.acm.org/10.1145/1570256.1570338},
  crossref  = {DBLP:conf/gecco/2009c},
  bibsource = {DBLP, http://dblp.uni-trier.de}
}

@inproceedings{DBLP:conf/gecco/Ros09c,
  author    = {Raymond Ros},
  title     = {Benchmarking the {NEWUOA} on the {BBOB}-2009 noisy testbed},
  booktitle = {GECCO (Companion)},
  year      = {2009},
  pages     = {2429--2434},
  ee        = {http://doi.acm.org/10.1145/1570256.1570339},
  crossref  = {DBLP:conf/gecco/2009c},
  bibsource = {DBLP, http://dblp.uni-trier.de}
}

@inproceedings{DBLP:conf/gecco/Ros09d,
  author    = {Raymond Ros},
  title     = {Benchmarking sep-{CMA}-{ES} on the {BBOB}-2009 function testbed},
  booktitle = {GECCO (Companion)},
  year      = {2009},
  pages     = {2435--2440},
  ee        = {http://doi.acm.org/10.1145/1570256.1570340},
  crossref  = {DBLP:conf/gecco/2009c},
  bibsource = {DBLP, http://dblp.uni-trier.de}
}

@inproceedings{DBLP:conf/gecco/Ros09e,
  author    = {Raymond Ros},
  title     = {Benchmarking sep-{CMA}-{ES} on the {BBOB}-2009 noisy testbed},
  booktitle = {GECCO (Companion)},
  year      = {2009},
  pages     = {2441--2446},
  ee        = {http://doi.acm.org/10.1145/1570256.1570341},
  crossref  = {DBLP:conf/gecco/2009c},
  bibsource = {DBLP, http://dblp.uni-trier.de}
}

@inproceedings{DBLP:conf/gecco/AugerR09,
  author    = {Anne Auger and
               Raymond Ros},
  title     = {Benchmarking the pure random search on the {BBOB}-2009 testbed},
  booktitle = {GECCO (Companion)},
  year      = {2009},
  pages     = {2479--2484},
  ee        = {http://doi.acm.org/10.1145/1570256.1570347},
  crossref  = {DBLP:conf/gecco/2009c},
  bibsource = {DBLP, http://dblp.uni-trier.de}
}

@inproceedings{DBLP:conf/gecco/AugerR09a,
  author    = {Anne Auger and
               Raymond Ros},
  title     = {Benchmarking the pure random search on the {BBOB}-2009 noisy
               testbed},
  booktitle = {GECCO (Companion)},
  year      = {2009},
  pages     = {2485--2490},
  ee        = {http://doi.acm.org/10.1145/1570256.1570348},
  crossref  = {DBLP:conf/gecco/2009c},
  bibsource = {DBLP, http://dblp.uni-trier.de}
}

@inproceedings{DBLP:conf/gecco/Hansen09b,
  author    = {Nikolaus Hansen},
  title     = {Benchmarking the {N}elder-{M}ead downhill simplex algorithm
               with many local restarts},
  booktitle = {GECCO (Companion)},
  year      = {2009},
  pages     = {2403--2408},
  ee        = {http://doi.acm.org/10.1145/1570256.1570335},
  crossref  = {DBLP:conf/gecco/2009c},
  bibsource = {DBLP, http://dblp.uni-trier.de}
}

@inproceedings{DBLP:conf/gecco/DoerrFSW09,
  author    = {Benjamin Doerr and
               Mahmoud Fouz and
               Martin Schmidt and
               Magnus Wahlstr{\"o}m},
  title     = {{BBOB}: {N}elder-{M}ead with resize and halfruns},
  booktitle = {GECCO (Companion)},
  year      = {2009},
  pages     = {2239--2246},
  ee        = {http://doi.acm.org/10.1145/1570256.1570312},
  crossref  = {DBLP:conf/gecco/2009c},
  bibsource = {DBLP, http://dblp.uni-trier.de}
}

@proceedings{DBLP:conf/gecco/2009c,
  editor    = {Franz Rothlauf},
  title     = {Genetic and Evolutionary Computation Conference, GECCO 2009,
               Proceedings, Montreal, Qu{\'e}bec, Canada, July 8-12,
               2009, Companion Material},
  booktitle = {GECCO (Companion)},
  publisher = {ACM},
  year      = {2009},
  isbn      = {978-1-60558-505-5},
  bibsource = {DBLP, http://dblp.uni-trier.de}
}

@inproceedings{DBLP:conf/gecco/Garcia-NietoAA09,
  author    = {Jos{\'e} Garc\'{\i}a-Nieto and
               Enrique Alba and
               Javier Apolloni},
  title     = {Noiseless functions black-box optimization: evaluation of
               a hybrid particle swarm with differential operators},
  booktitle = {GECCO (Companion)},
  year      = {2009},
  pages     = {2231-2238},
  ee        = {http://doi.acm.org/10.1145/1570256.1570311},
  crossref  = {DBLP:conf/gecco/2009c},
  bibsource = {DBLP, http://dblp.uni-trier.de}
}

@inproceedings{DBLP:conf/gecco/BosmanGT09,
  author    = {Peter A. N. Bosman and
               J{\"o}rn Grahl and
               Dirk Thierens},
  title     = {{AMaLGaM IDEAs} in noiseless black-box optimization benchmarking},
  booktitle = {GECCO (Companion)},
  year      = {2009},
  pages     = {2247-2254},
  ee        = {http://doi.acm.org/10.1145/1570256.1570313},
  crossref  = {DBLP:conf/gecco/2009c},
  bibsource = {DBLP, http://dblp.uni-trier.de}
}

@inproceedings{DBLP:conf/gecco/MolinaLH09,
  author    = {Daniel Molina and
               Manuel Lozano and
               Francisco Herrera},
  title     = {A memetic algorithm using local search chaining for black-box
               optimization benchmarking 2009 for noise free functions},
  booktitle = {GECCO (Companion)},
  year      = {2009},
  pages     = {2255-2262},
  ee        = {http://doi.acm.org/10.1145/1570256.1570314},
  crossref  = {DBLP:conf/gecco/2009c},
  bibsource = {DBLP, http://dblp.uni-trier.de}
}

@inproceedings{DBLP:conf/gecco/El-AbdK09,
  author    = {Mohammed El-Abd and
               Mohamed S. Kamel},
  title     = {Black-box optimization benchmarking for noiseless function
               testbed using an {EDA} and {PSO} hybrid},
  booktitle = {GECCO (Companion)},
  year      = {2009},
  pages     = {2263-2268},
  ee        = {http://doi.acm.org/10.1145/1570256.1570315},
  crossref  = {DBLP:conf/gecco/2009c},
  bibsource = {DBLP, http://dblp.uni-trier.de}
}

@inproceedings{DBLP:conf/gecco/El-AbdK09a,
  author    = {Mohammed El-Abd and
               Mohamed S. Kamel},
  title     = {Black-box optimization benchmarking for noiseless function
               testbed using particle swarm optimization},
  booktitle = {GECCO (Companion)},
  year      = {2009},
  pages     = {2269-2274},
  ee        = {http://doi.acm.org/10.1145/1570256.1570316},
  crossref  = {DBLP:conf/gecco/2009c},
  bibsource = {DBLP, http://dblp.uni-trier.de}
}

@inproceedings{DBLP:conf/gecco/El-AbdK09b,
  author    = {Mohammed El-Abd and
               Mohamed S. Kamel},
  title     = {Black-box optimization benchmarking for noiseless function
               testbed using {PSO\_Bounds}},
  booktitle = {GECCO (Companion)},
  year      = {2009},
  pages     = {2275-2280},
  ee        = {http://doi.acm.org/10.1145/1570256.1570317},
  crossref  = {DBLP:conf/gecco/2009c},
  bibsource = {DBLP, http://dblp.uni-trier.de}
}

@inproceedings{DBLP:conf/gecco/Gallagher09,
  author    = {Marcus Gallagher},
  title     = {Black-box optimization benchmarking: results for the {BayEDAcG}
               algorithm on the noiseless function testbed},
  booktitle = {GECCO (Companion)},
  year      = {2009},
  pages     = {2281-2286},
  ee        = {http://doi.acm.org/10.1145/1570256.1570318},
  crossref  = {DBLP:conf/gecco/2009c},
  bibsource = {DBLP, http://dblp.uni-trier.de}
}

@inproceedings{DBLP:conf/gecco/Garcia-MartinezL09,
  author    = {Carlos Garc\'{\i}a-Mart\'{\i}nez and
               Manuel Lozano},
  title     = {A continuous variable neighbourhood search based on specialised
               {EAs}: application to the noiseless {BBO}-benchmark 2009},
  booktitle = {GECCO (Companion)},
  year      = {2009},
  pages     = {2287-2294},
  ee        = {http://doi.acm.org/10.1145/1570256.1570319},
  crossref  = {DBLP:conf/gecco/2009c},
  bibsource = {DBLP, http://dblp.uni-trier.de}
}

@inproceedings{DBLP:conf/gecco/Hansen09,
  author    = {Nikolaus Hansen},
  title     = {Benchmarking a BI-population {CMA-ES} on the {BBOB}-2009
               function testbed},
  booktitle = {GECCO (Companion)},
  year      = {2009},
  pages     = {2389-2396},
  ee        = {http://doi.acm.org/10.1145/1570256.1570333},
  crossref  = {DBLP:conf/gecco/2009c},
  bibsource = {DBLP, http://dblp.uni-trier.de}
}

@inproceedings{DBLP:conf/gecco/KorosecS09,
  author    = {Peter Korosec and
               Jurij Silc},
  title     = {A stigmergy-based algorithm for black-box optimization:
               noiseless function testbed},
  booktitle = {GECCO (Companion)},
  year      = {2009},
  pages     = {2295-2302},
  ee        = {http://doi.acm.org/10.1145/1570256.1570320},
  crossref  = {DBLP:conf/gecco/2009c},
  bibsource = {DBLP, http://dblp.uni-trier.de}
}

@inproceedings{DBLP:conf/gecco/Kubalik09a,
  author    = {Jir\'{\i} Kubalik},
  title     = {Black-box optimization benchmarking of prototype optimization
               with evolved improvement steps for noiseless function testbed},
  booktitle = {GECCO (Companion)},
  year      = {2009},
  pages     = {2303-2308},
  ee        = {http://doi.acm.org/10.1145/1570256.1570321},
  crossref  = {DBLP:conf/gecco/2009c},
  bibsource = {DBLP, http://dblp.uni-trier.de}
}

@inproceedings{DBLP:conf/gecco/Nicolau09,
  author    = {Miguel Nicolau},
  title     = {Application of a simple binary genetic algorithm to a noiseless
               testbed benchmark},
  booktitle = {GECCO (Companion)},
  year      = {2009},
  pages     = {2473-2478},
  ee        = {http://doi.acm.org/10.1145/1570256.1570346},
  crossref  = {DBLP:conf/gecco/2009c},
  bibsource = {DBLP, http://dblp.uni-trier.de}
}

@inproceedings{DBLP:conf/gecco/Posik09,
  author    = {Petr Posik},
  title     = {{BBOB}-benchmarking a simple estimation of distribution algorithm
               with {Cauchy} distribution},
  booktitle = {GECCO (Companion)},
  year      = {2009},
  pages     = {2309-2314},
  ee        = {http://doi.acm.org/10.1145/1570256.1570322},
  crossref  = {DBLP:conf/gecco/2009c},
  bibsource = {DBLP, http://dblp.uni-trier.de}
}

@inproceedings{DBLP:conf/gecco/Posik09a,
  author    = {Petr Posik},
  title     = {{BBOB}-benchmarking the {DIRECT} global optimization algorithm},
  booktitle = {GECCO (Companion)},
  year      = {2009},
  pages     = {2315-2320},
  ee        = {http://doi.acm.org/10.1145/1570256.1570323},
  crossref  = {DBLP:conf/gecco/2009c},
  bibsource = {DBLP, http://dblp.uni-trier.de}
}

@inproceedings{DBLP:conf/gecco/Posik09b,
  author    = {Petr Posik},
  title     = {{BBOB}-benchmarking the generalized generation gap model with
               parent centric crossover},
  booktitle = {GECCO (Companion)},
  year      = {2009},
  pages     = {2321-2328},
  ee        = {http://doi.acm.org/10.1145/1570256.1570324},
  crossref  = {DBLP:conf/gecco/2009c},
  bibsource = {DBLP, http://dblp.uni-trier.de}
}

@inproceedings{DBLP:conf/gecco/Posik09c,
  author    = {Petr Posik},
  title     = {{BBOB}-benchmarking two variants of the line-search algorithm},
  booktitle = {GECCO (Companion)},
  year      = {2009},
  pages     = {2329-2336},
  ee        = {http://doi.acm.org/10.1145/1570256.1570325},
  crossref  = {DBLP:conf/gecco/2009c},
  bibsource = {DBLP, http://dblp.uni-trier.de}
}

@inproceedings{DBLP:conf/gecco/Posik09d,
  author    = {Petr Posik},
  title     = {{BBOB}-benchmarking the {R}osenbrock's local search algorithm},
  booktitle = {GECCO (Companion)},
  year      = {2009},
  pages     = {2337-2342},
  ee        = {http://doi.acm.org/10.1145/1570256.1570326},
  crossref  = {DBLP:conf/gecco/2009c},
  bibsource = {DBLP, http://dblp.uni-trier.de}
}

@inproceedings{DBLP:conf/gecco/Garcia-NietoAA09a,
  author    = {Jos{\'e} Garc\'{\i}a-Nieto and
               Enrique Alba and
               Javier Apolloni},
  title     = {Particle swarm hybridized with differential evolution: black
               box optimization benchmarking for noisy functions},
  booktitle = {GECCO (Companion)},
  year      = {2009},
  pages     = {2343-2350},
  ee        = {http://doi.acm.org/10.1145/1570256.1570327},
  crossref  = {DBLP:conf/gecco/2009c},
  bibsource = {DBLP, http://dblp.uni-trier.de}
}

@inproceedings{DBLP:conf/gecco/BosmanGT09a,
  author    = {Peter A. N. Bosman and
               J{\"o}rn Grahl and
               Dirk Thierens},
  title     = {{AMaLGaM IDEAs} in noisy black-box optimization benchmarking},
  booktitle = {GECCO (Companion)},
  year      = {2009},
  pages     = {2351-2358},
  ee        = {http://doi.acm.org/10.1145/1570256.1570328},
  crossref  = {DBLP:conf/gecco/2009c},
  bibsource = {DBLP, http://dblp.uni-trier.de}
}

@inproceedings{DBLP:conf/gecco/MolinaLH09a,
  author    = {Daniel Molina and
               Manuel Lozano and
               Francisco Herrera},
  title     = {A memetic algorithm using local search chaining for black-box
               optimization benchmarking 2009 for noisy functions},
  booktitle = {GECCO (Companion)},
  year      = {2009},
  pages     = {2359-2366},
  ee        = {http://doi.acm.org/10.1145/1570256.1570329},
  crossref  = {DBLP:conf/gecco/2009c},
  bibsource = {DBLP, http://dblp.uni-trier.de}
}

@inproceedings{DBLP:conf/gecco/Garcia-MartinezL09a,
  author    = {Carlos Garc\'{\i}a-Mart\'{\i}nez and
               Manuel Lozano},
  title     = {A continuous variable neighbourhood search based on specialised
               {EAs}: application to the noisy {BBO}-benchmark 2009 testbed},
  booktitle = {GECCO (Companion)},
  year      = {2009},
  pages     = {2367-2374},
  ee        = {http://doi.acm.org/10.1145/1570256.1570330},
  crossref  = {DBLP:conf/gecco/2009c},
  bibsource = {DBLP, http://dblp.uni-trier.de}
}

@inproceedings{DBLP:conf/gecco/KorosecS09a,
  author    = {Peter Korosec and
               Jurij Silc},
  title     = {A stigmergy-based algorithm for black-box optimization:
               noisy function testbed},
  booktitle = {GECCO (Companion)},
  year      = {2009},
  pages     = {2375-2382},
  ee        = {http://doi.acm.org/10.1145/1570256.1570331},
  crossref  = {DBLP:conf/gecco/2009c},
  bibsource = {DBLP, http://dblp.uni-trier.de}
}

@inproceedings{DBLP:conf/gecco/Gallagher09a,
  author    = {Marcus R. Gallagher},
  title     = {Black-box optimization benchmarking: results for the {BayEDAcG}
               algorithm on the noisy function testbed},
  booktitle = {GECCO (Companion)},
  year      = {2009},
  pages     = {2383-2388},
  ee        = {http://doi.acm.org/10.1145/1570256.1570332},
  crossref  = {DBLP:conf/gecco/2009c},
  bibsource = {DBLP, http://dblp.uni-trier.de}
}

@inproceedings{DBLP:conf/gecco/Hansen09a,
  author    = {Nikolaus Hansen},
  title     = {Benchmarking a BI-population {CMA-ES} on the {BBOB}-2009 noisy
               testbed},
  booktitle = {GECCO (Companion)},
  year      = {2009},
  pages     = {2397-2402},
  ee        = {http://doi.acm.org/10.1145/1570256.1570334},
  crossref  = {DBLP:conf/gecco/2009c},
  bibsource = {DBLP, http://dblp.uni-trier.de}
}

@inproceedings{DBLP:conf/gecco/Auger09a,
  author    = {Anne Auger},
  title     = {Benchmarking the (1+1)-{ES} with one-fifth success rule on
               the {BBOB}-2009 noisy testbed},
  booktitle = {GECCO (Companion)},
  year      = {2009},
  pages     = {2453-2458},
  ee        = {http://doi.acm.org/10.1145/1570256.1570343},
  crossref  = {DBLP:conf/gecco/2009c},
  bibsource = {DBLP, http://dblp.uni-trier.de}
}

@inproceedings{DBLP:conf/gecco/AugerH09a,
  author    = {Anne Auger and
               Nikolaus Hansen},
  title     = {Benchmarking the (1+1)-{CMA-ES} on the {BBOB}-2009 noisy testbed},
  booktitle = {GECCO (Companion)},
  year      = {2009},
  pages     = {2467-2472},
  ee        = {http://doi.acm.org/10.1145/1570256.1570345},
  crossref  = {DBLP:conf/gecco/2009c},
  bibsource = {DBLP, http://dblp.uni-trier.de}
}

@misc{Pal:2009,
  author    = {L{\'a}szl{\'o} P{\'a}l and Tibor Csendes and Mih{\'a}ly Csaba
  Mark{\'o}t and Arnold Neumaier},
  title     = {{BBO}-Benchmarking of the {GLOBAL} method for the Noisy
  Function Testbed},
  howpublished = {\url{http://www.mat.univie.ac.at/~neum/papers.html}},
  url = {http://www.mat.univie.ac.at/~neum/papers.html},
  year      = {2009},
  note = {P. 985}
 }

@misc{Pal:2009a,
  author    = {L{\'a}szl{\'o} P{\'a}l and Tibor Csendes and Mih{\'a}ly Csaba
  Mark{\'o}t and Arnold Neumaier},
  title     = {{BBO}-Benchmarking of the {GLOBAL} method for the Noiseless
  Function Testbed},
  howpublished = {\url{http://www.mat.univie.ac.at/~neum/papers.html}},
  url = {http://www.mat.univie.ac.at/~neum/papers.html},
  year      = {2009},
  note = {P. 986}
}

@misc{Huyer:2009,
  author    = {Waltraud Huyer and Arnold Neumaier},
  title     = {Benchmarking of {SNOBFIT} on the Noisy Function Testbed},
  howpublished = {\url{http://www.mat.univie.ac.at/~neum/papers.html}},
  url = {http://www.mat.univie.ac.at/~neum/papers.html},
  year      = {2009},
  note = {P. 987}
 }

@misc{Huyer:2009a,
  author    = {Waltraud Huyer and Arnold Neumaier},
  title     = {Benchmarking of {MCS} on the Noisy Function Testbed},
  howpublished = {\url{http://www.mat.univie.ac.at/~neum/papers.html}},
  url = {http://www.mat.univie.ac.at/~neum/papers.html},
  year      = {2009},
  note = {P. 988}
 }

@misc{Huyer:2009b,
  author    = {Waltraud Huyer and Arnold Neumaier},
  title     = {Benchmarking of {MCS} on the Noiseless Function Testbed},
  howpublished = {\url{http://www.mat.univie.ac.at/~neum/papers.html}},
  url = {http://www.mat.univie.ac.at/~neum/papers.html},
  year      = {2009},
  note = {P. 989}
 }

@inproceedings{Hornby:2009:steady,
 author = {Hornby, Gregory S.},
 title = {Steady-state ALPS for real-valued problems},
 booktitle = {GECCO '09: Proceedings of the 11th Annual conference on Genetic and evolutionary computation},
 year = {2009},
 isbn = {978-1-60558-325-9},
 pages = {795--802},
 location = {Montreal, Qu\'{e}bec, Canada},
 doi = {http://doi.acm.org/10.1145/1569901.1570011},
 publisher = {ACM},
 address = {New York, NY, USA},
 }

@misc{Hornby:2009,
  author    = {Hornby, Gregory S.},
  title     = {The {A}ge-{L}ayered {P}opulation {S}tructure ({ALPS})
  Evolutionary Algorithm},
  month = {July},
  year      = {2009},
  note      = {Noiseless testbed}
 }

@misc{Hornby:2009a,
  author    = {Hornby, Gregory S.},
  title     = {The {A}ge-{L}ayered {P}opulation {S}tructure ({ALPS})
  Evolutionary Algorithm},
  month = {July},
  year      = {2009},
  note      = {Noisy testbed}
 }

@misc{Finck:2009,
  author    = {Finck, Steffen},
  title     = {Covariance Matrix Adaptation-Evolutionary Gradient Search on
  the BBOB 2009 function testbed},
  month = {October},
  year      = {2009},
  howpublished = {Data provided}
 }

@misc{Finck:2009a,
  author    = {Finck, Steffen},
  title     = {Covariance Matrix Adaptation-Evolutionary Gradient Search on
  the BBOB 2009 noisy testbed},
  month = {October},
  year      = {2009},
  howpublished = {Data provided}
 }

@book{koza1992genetic,
  title={{Genetic programming: on the programming of computers by means of natural selection}},
  author={Koza, J.R.},
  year={1992},
  publisher={The MIT press}
}

